@book{murphy2019introduction,
  title={Introduction to AI robotics},
  author={Murphy, Robin R},
  year={2019},
  publisher={MIT press}
}

@book{yurev_sensors,
    author = {Юревич, Е.И.},
    title = {Сенсорные системы в робототехнике: учеб. пособие},
    publisher = {Издательство Политехнического ун-та},
    year = {2013}
}

@book{barfoot2024state,
  title={State estimation for robotics},
  author={Barfoot, Timothy D},
  year={2024},
  publisher={Cambridge University Press}
}

@book{lavalle2006planning,
  title={Planning algorithms},
  author={LaValle, Steven M},
  year={2006},
  publisher={Cambridge university press}
}

@book{math-control-theory,
    author = {Поляк Б.Т., Хлебников М.В., Рапопорт Л.Б.},
    title = {Математическая теория автоматического управления: учебное пособие},
    publisher = {М.: ЛЕНАНД},
    year = {2019}
}

@book{wagner2006modeling,
  title={Modeling software with finite state machines: a practical approach},
  author={Wagner, Ferdinand and Schmuki, Ruedi and Wagner, Thomas and Wolstenholme, Peter},
  year={2006},
  publisher={Auerbach Publications}
}

@book{colledanchise2018behavior,
  title={Behavior trees in robotics and AI: An introduction},
  author={Colledanchise, Michele and {\"O}gren, Petter},
  year={2018},
  publisher={CRC Press}
}

@article{florez2009query,
  title={Query-enabled behavior trees},
  author={Fl{\'o}rez-Puga, Gonzalo and Gomez-Martin, Marco Antonio and Gomez-Martin, Pedro Pablo and Diaz-Agudo, Bel{\'E}n and Gonzalez-Calero, Pedro Antonio},
  journal={IEEE Transactions on Computational Intelligence and AI in Games},
  volume={1},
  number={4},
  pages={298--308},
  year={2009},
  publisher={IEEE}
}

@incollection{van2012reinforcement,
  title={Reinforcement learning and markov decision processes},
  author={Van Otterlo, Martijn and Wiering, Marco},
  booktitle={Reinforcement learning: State-of-the-art},
  pages={3--42},
  year={2012},
  publisher={Springer}
}

@book{krishnamurthy2016partially,
  title={Partially observed Markov decision processes},
  author={Krishnamurthy, Vikram},
  year={2016},
  publisher={Cambridge university press}
}

@book{laugier2007autonomous,
  title={Autonomous navigation in dynamic environments},
  author={Laugier, Christian and Chatila, Raja},
  volume={35},
  year={2007},
  publisher={Springer}
}

@article{albers2019online,
  title={Online trajectory optimization and navigation in dynamic environments in ROS},
  author={Albers, Franz and R{\"o}smann, Christoph and Hoffmann, Frank and Bertram, Torsten},
  journal={Robot Operating System (ROS) The Complete Reference (Volume 3)},
  pages={241--274},
  year={2019},
  publisher={Springer}
}

@inproceedings{przybyla2017detection,
  title={Detection and tracking of 2D geometric obstacles from LRF data},
  author={Przyby{\l}a, Mateusz},
  booktitle={2017 11th international workshop on robot motion and control (RoMoCo)},
  pages={135--141},
  year={2017},
  organization={IEEE}
}

@misc{opencv-blobs,
    title = {Blob detection using OpenCV (Python, C++)},
    note = {Электронный ресурс доступен по адресу https://learnopencv.com/
blob-detection-using-opencv-python-c/}
}

@article{hung-alg,
  title={The Hungarian method for the assignment problem},
  author={Kuhn, Harold W},
  journal={Naval research logistics quarterly},
  volume={2},
  number={1-2},
  pages={83--97},
  year={1955},
  publisher={Wiley Online Library}
}

@article{saho2017kalman,
  title={Kalman filter for moving object tracking: Performance analysis and filter design},
  author={Saho, Kenshi},
  journal={Kalman Filters-Theory for Advanced Applications},
  pages={233--252},
  year={2017},
  publisher={IntechOpen}
}

@article{kalman1,
  title={Фильтр Калмана: история и современность},
  author={Степанов, ОА},
  journal={Гироскопия и навигация},
  volume={69},
  number={2},
  pages={107--121},
  year={2010}
}

@inproceedings{yang2019social,
  title={Social-aware navigation in crowds with static and dynamic groups},
  author={Yang, Fangkai and Peters, Christopher},
  booktitle={2019 11th International Conference on Virtual Worlds and Games for Serious Applications (VS-Games)},
  pages={1--4},
  year={2019},
  organization={IEEE}
}

@article{macenski2022robot,
  title={Robot Operating System 2: Design, architecture, and uses in the wild},
  author={Macenski, Steven and Foote, Tully and Gerkey, Brian and Lalancette, Chris and Woodall, William},
  journal={Science robotics},
  volume={7},
  number={66},
  pages={eabm6074},
  year={2022},
  publisher={American Association for the Advancement of Science}
}

@inproceedings{ros2-mara,
  title={The marathon 2: A navigation system},
  author={Macenski, Steve and Mart{\'\i}n, Francisco and White, Ruffin and Clavero, Jonatan Gin{\'e}s},
  booktitle={2020 IEEE/RSJ International Conference on Intelligent Robots and Systems (IROS)},
  pages={2718--2725},
  year={2020},
  organization={IEEE}
}

@misc{slam-toolbox,
    title = {ПО для реализации алгоритма SLAM},
    note = {Электронный ресурс доступен по адресу https://wiki.ros.org/slam\_toolbox}
}

@misc{nav2-challenge,
    title = {Описание задачи для реализации динамической навигации Nav2},
    note = {Электронный ресурс доступен по адресу \\ 
            https://navigation.ros.org/2021summerOfCode/projects/dynamic.html}
}

@misc{tb3-git,
    title = {Исходный код пакетов для Turtlebot3},
    note = {Электронный ресурс доступен по адресу \\
            https://github.com/ROBOTIS-GIT/turtlebot3/tree/humble-devel}
}

@misc{nav2-git,
    title = {Исходный код пакетов для Nav2},
    note = {Электронный ресурс доступен по адресу \\
            https://github.com/open-navigation/navigation2/tree/humble}
}

@misc{nav2-dwb,
    title = {Исходный код для DWB controller},
    note = {Электронный ресурс доступен по адресу \\
            https://github.com/ros-navigation/navigation2/tree/main/nav2\_dwb\_controller}
}

@misc{teb-planner,
    title = {Исходный код для TEB controller},
    note = {Электронный ресурс доступен по адресу \\
            https://github.com/rst-tu-dortmund/teb\_local\_planner}
}

@article{dwa,
  title={The dynamic window approach to collision avoidance},
  author={Fox, Dieter and Burgard, Wolfram and Thrun, Sebastian},
  journal={IEEE Robotics \& Automation Magazine},
  volume={4},
  number={1},
  pages={23--33},
  year={1997},
  publisher={IEEE}
}

@article{teb-info,
  title={Timed-elastic bands for manipulation motion planning},
  author={Magyar, Bence and Tsiogkas, Nikolaos and Deray, J{\'e}r{\'e}mie and Pfeiffer, Sammy and Lane, David},
  journal={IEEE Robotics and Automation Letters},
  volume={4},
  number={4},
  pages={3513--3520},
  year={2019},
  publisher={IEEE}
}

@misc{simple-blob-opencv,
    title = {Описание класса SimpleBlobDetector библиотеки OpenCV},
    note = {Электронный ресурс доступен по адресу \\
            https://docs.opencv.org/4.x/d0/d7a/classcv\_1\_1SimpleBlobDetector.html}
}

@misc{kalman-filter-opencv,
    title = {Описание класса KalmanFilter библиотеки OpenCV},
    note = {Электронный ресурс доступен по адресу \\
            https://docs.opencv.org/4.x/dd/d6a/classcv\_1\_1KalmanFilter.html}
}

@misc{lin-sum-ass-scipy,
    title = {Описание функции linear\_sum\_assignment библиотеки SciPy},
    note = {Электронный ресурс доступен по адресу \\
            https://docs.scipy.org/doc/scipy/reference/generated/scipy.optimize.linear\_sum\_assignment.html}
}

@misc{layer-plugin-nav2,
    title = {Шаблон для написания пользовательского плагина для реализации слоя для карты местности},
    note = {Электронный ресурс доступен по адресу \\
            https://navigation.ros.org/plugin\_tutorials/docs/writing\_new\_costmap2d\_plugin.html}
}

@misc{actor-coll,
    title = {Плагин добавления свойств столкновения для пешехода в Gazebo},
    note = {Электронный ресурс доступен по адресу \\
            https://github.com/JiangweiNEU/actor\_collisions}
}